@Article{Kuritsina2011,
  author  = {В. В. Курицына},
  journal = {Российский государственный технологический университет имени К. Э. Циолковского},
  title   = {Системы автоматизированного проектирования},
  year    = {2011},
  pages   = {37},
}

@Article{Tariq2007,
  author  = {Sarah Tariq},
  journal = {NVIDIA Corporation},
  title   = {Rain},
  year    = {2007},
}

@Article{Hao2008,
  author  = {Pisith Hao},
  journal = {Kanwal Rekhi School of Information Technology Indian Institute of Technology},
  title   = {Algorithms for Atmospheric Special Effects
in Graphics and their Implementation},
  year    = {2008},
  pages   = {1},
}

@Article{Garg2006,
  author  = {Kshitiz Garg and Shree K. Nayar},
  journal = {Columbia University},
  title   = {Photorealistic Rendering of Rain Streaks},
  year    = {2006},
  pages   = {996},
}

@Article{Demin2005,
  author  = {А. Ю. Демин and А. В. Кудинов},
  journal = {Томский политехнический университет},
  title   = {Компьютерная графика},
  year    = {2005},
}

@Article{Panov2017,
  author  = {Тарас Евгеньевич Панов},
  journal = {Механико-математический факультет МГУ им. М. В. Ломоносова},
  title   = {Геометрия},
  year    = {2017},
  pages   = {68},
}

@Article{Souvaine2005,
  author  = {Diane Souvaine},
  journal = {Comp 163: Computational Geometry},
  title   = {Line Segment Intersection Using a Sweep Line Algorithm},
  year    = {2005},
  pages   = {7},
}

@Article{Wang,
  author  = {Niniane Wang and Bretton Wade},
  journal = {Microsoft Corporation},
  title   = {Rendering Falling Rain and Snow},
  year    = {2013},
  pages   = {1},
}

@misc{Jeremiah2011,
  title        = "3D Game Engine Programming",
  author       = "Jeremiah",
  howpublished = "\url{https://www.3dgep.com/understanding-the-view-matrix}",
  year         = 2011,
  note         = "(Дата обращения: 12.10.2022)"
}

@Comment{jabref-meta: databaseType:bibtex;}
